@ARTICLE{Komatsu2009,
   author = {{Komatsu}, E. and {Dunkley}, J. and {Nolta}, M.~R. and {Bennett}, C.~L. and
{Gold}, B. and {Hinshaw}, G. and {Jarosik}, N. and {Larson}, D. and
{Limon}, M. and {Page}, L. and {Spergel}, D.~N. and {Halpern}, M. and
 {Hill}, R.~S. and {Kogut}, A. and {Meyer}, S.~S. and {Tucker}, G.~S. and
 {Weiland}, J.~L. and {Wollack}, E. and {Wright}, E.~L.},
    title = "{Five-Year Wilkinson Microwave Anisotropy Probe Observations: Cosmological Interpretation}",
  journal = {\apjs},
archivePrefix = "arXiv",
   eprint = {0803.0547},
 keywords = {cosmic microwave background, cosmology: observations, dark matter, early universe, instrumentation: detectors, space vehicles: instruments, telescopes},
     year = 2009,
    month = feb,
   volume = 180,
    pages = {330-376},
      doi = {10.1088/0067-0049/180/2/330},
   adsurl = {http://adsabs.harvard.edu/abs/2009ApJS..180..330K},
  adsnote = {Provided by the SAO/NASA Astrophysics Data System}
}


@ARTICLE{Jarosik2011,
   author = {{Jarosik}, N. and {Bennett}, C.~L. and {Dunkley}, J. and {Gold}, B. and
{Greason}, M.~R. and {Halpern}, M. and {Hill}, R.~S. and {Hinshaw}, G. and
{Kogut}, A. and {Komatsu}, E. and {Larson}, D. and {Limon}, M. and
 {Meyer}, S.~S. and {Nolta}, M.~R. and {Odegard}, N. and {Page}, L. and
 {Smith}, K.~M. and {Spergel}, D.~N. and {Tucker}, G.~S. and
 {Weiland}, J.~L. and {Wollack}, E. and {Wright}, E.~L.},
    title = "{Seven-year Wilkinson Microwave Anisotropy Probe (WMAP) Observations: Sky Maps, Systematic Errors, and Basic Results}",
  journal = {\apjs},
archivePrefix = "arXiv",
   eprint = {1001.4744},
 primaryClass = "astro-ph.CO",
 keywords = {cosmic background radiation, space vehicles: instruments},
     year = 2011,
    month = feb,
   volume = 192,
      eid = {14},
    pages = {14},
      doi = {10.1088/0067-0049/192/2/14},
   adsurl = {http://adsabs.harvard.edu/abs/2011ApJS..192...14J},
  adsnote = {Provided by the SAO/NASA Astrophysics Data System}
}


@ARTICLE{Abazajian2003,
   author = {{Abazajian}, K. and {Adelman-McCarthy}, J.~K. and {Ag{\"u}eros}, M.~A. and 
	{Allam}, S.~S. and {Anderson}, S.~F. and {Annis}, J. and {Bahcall}, N.~A. and 
	{Baldry}, I.~K. and {Bastian}, S. and {Berlind}, A. and {Bernardi}, M. and 
	{Blanton}, M.~R. and {Blythe}, N. and {Bochanski}, Jr., J.~J. and 
	{Boroski}, W.~N. and {Brewington}, H. and {Briggs}, J.~W. and 
	{Brinkmann}, J. and {Brunner}, R.~J. and {Budav{\'a}ri}, T. and 
	{Carey}, L.~N. and {Carr}, M.~A. and {Castander}, F.~J. and 
	{Chiu}, K. and {Collinge}, M.~J. and {Connolly}, A.~J. and {Covey}, K.~R. and 
	{Csabai}, I. and {Dalcanton}, J.~J. and {Dodelson}, S. and {Doi}, M. and 
	{Dong}, F. and {Eisenstein}, D.~J. and {Evans}, M.~L. and {Fan}, X. and 
	{Feldman}, P.~D. and {Finkbeiner}, D.~P. and {Friedman}, S.~D. and 
	{Frieman}, J.~A. and {Fukugita}, M. and {Gal}, R.~R. and {Gillespie}, B. and 
	{Glazebrook}, K. and {Gonzalez}, C.~F. and {Gray}, J. and {Grebel}, E.~K. and 
	{Grodnicki}, L. and {Gunn}, J.~E. and {Gurbani}, V.~K. and {Hall}, P.~B. and 
	{Hao}, L. and {Harbeck}, D. and {Harris}, F.~H. and {Harris}, H.~C. and 
	{Harvanek}, M. and {Hawley}, S.~L. and {Heckman}, T.~M. and 
	{Helmboldt}, J.~F. and {Hendry}, J.~S. and {Hennessy}, G.~S. and 
	{Hindsley}, R.~B. and {Hogg}, D.~W. and {Holmgren}, D.~J. and 
	{Holtzman}, J.~A. and {Homer}, L. and {Hui}, L. and {Ichikawa}, S.-i. and 
	{Ichikawa}, T. and {Inkmann}, J.~P. and {Ivezi{\'c}}, {\v Z}. and 
	{Jester}, S. and {Johnston}, D.~E. and {Jordan}, B. and {Jordan}, W.~P. and 
	{Jorgensen}, A.~M. and {Juri{\'c}}, M. and {Kauffmann}, G. and 
	{Kent}, S.~M. and {Kleinman}, S.~J. and {Knapp}, G.~R. and {Kniazev}, A.~Y. and 
	{Kron}, R.~G. and {Krzesi{\'n}ski}, J. and {Kunszt}, P.~Z. and 
	{Kuropatkin}, N. and {Lamb}, D.~Q. and {Lampeitl}, H. and {Laubscher}, B.~E. and 
	{Lee}, B.~C. and {Leger}, R.~F. and {Li}, N. and {Lidz}, A. and 
	{Lin}, H. and {Loh}, Y.-S. and {Long}, D.~C. and {Loveday}, J. and 
	{Lupton}, R.~H. and {Malik}, T. and {Margon}, B. and {McGehee}, P.~M. and 
	{McKay}, T.~A. and {Meiksin}, A. and {Miknaitis}, G.~A. and 
	{Moorthy}, B.~K. and {Munn}, J.~A. and {Murphy}, T. and {Nakajima}, R. and 
	{Narayanan}, V.~K. and {Nash}, T. and {Neilsen}, Jr., E.~H. and 
	{Newberg}, H.~J. and {Newman}, P.~R. and {Nichol}, R.~C. and 
	{Nicinski}, T. and {Nieto-Santisteban}, M. and {Nitta}, A. and 
	{Odenkirchen}, M. and {Okamura}, S. and {Ostriker}, J.~P. and 
	{Owen}, R. and {Padmanabhan}, N. and {Peoples}, J. and {Pier}, J.~R. and 
	{Pindor}, B. and {Pope}, A.~C. and {Quinn}, T.~R. and {Rafikov}, R.~R. and 
	{Raymond}, S.~N. and {Richards}, G.~T. and {Richmond}, M.~W. and 
	{Rix}, H.-W. and {Rockosi}, C.~M. and {Schaye}, J. and {Schlegel}, D.~J. and 
	{Schneider}, D.~P. and {Schroeder}, J. and {Scranton}, R. and 
	{Sekiguchi}, M. and {Seljak}, U. and {Sergey}, G. and {Sesar}, B. and 
	{Sheldon}, E. and {Shimasaku}, K. and {Siegmund}, W.~A. and 
	{Silvestri}, N.~M. and {Sinisgalli}, A.~J. and {Sirko}, E. and 
	{Smith}, J.~A. and {Smol{\v c}i{\'c}}, V. and {Snedden}, S.~A. and 
	{Stebbins}, A. and {Steinhardt}, C. and {Stinson}, G. and {Stoughton}, C. and 
	{Strateva}, I.~V. and {Strauss}, M.~A. and {SubbaRao}, M. and 
	{Szalay}, A.~S. and {Szapudi}, I. and {Szkody}, P. and {Tasca}, L. and 
	{Tegmark}, M. and {Thakar}, A.~R. and {Tremonti}, C. and {Tucker}, D.~L. and 
	{Uomoto}, A. and {Vanden Berk}, D.~E. and {Vandenberg}, J. and 
	{Vogeley}, M.~S. and {Voges}, W. and {Vogt}, N.~P. and {Walkowicz}, L.~M. and 
	{Weinberg}, D.~H. and {West}, A.~A. and {White}, S.~D.~M. and 
	{Wilhite}, B.~C. and {Willman}, B. and {Xu}, Y. and {Yanny}, B. and 
	{Yarger}, J. and {Yasuda}, N. and {Yip}, C.-W. and {Yocum}, D.~R. and 
	{York}, D.~G. and {Zakamska}, N.~L. and {Zehavi}, I. and {Zheng}, W. and 
	{Zibetti}, S. and {Zucker}, D.~B.},
    title = "{The First Data Release of the Sloan Digital Sky Survey}",
  journal = {\aj},
   eprint = {arXiv:astro-ph/0305492},
 keywords = {Atlases, Catalogs, Surveys},
     year = 2003,
    month = oct,
   volume = 126,
    pages = {2081-2086},
      doi = {10.1086/378165},
   adsurl = {http://adsabs.harvard.edu/abs/2003AJ....126.2081A},
  adsnote = {Provided by the SAO/NASA Astrophysics Data System}
}

@ARTICLE{Alard2006,
   author = {{Alard}, C.},
    title = "{Automated detection of gravitational arcs}",
  journal = {ArXiv Astrophysics e-prints},
   eprint = {arXiv:astro-ph/0606757},
 keywords = {Astrophysics},
     year = 2006,
    month = jun,
   adsurl = {http://adsabs.harvard.edu/abs/2006astro.ph..6757A},
  adsnote = {Provided by the SAO/NASA Astrophysics Data System}
}



@ARTICLE{Andreon2010,
   author = {{Andreon}, S. and {Hurn}, M.~A.},
    title = "{The scaling relation between richness and mass of galaxy clusters: a Bayesian approach}",
  journal = {\mnras},
archivePrefix = "arXiv",
   eprint = {1001.4639},
 primaryClass = "astro-ph.CO",
 keywords = {methods: statistical, galaxies: clusters: general, galaxies: elliptical and lenticular, cD, galaxies: luminosity function, mass function, cosmological parameters, X-rays: galaxies: clusters},
     year = 2010,
    month = jun,
   volume = 404,
    pages = {1922-1937},
      doi = {10.1111/j.1365-2966.2010.16406.x},
   adsurl = {http://adsabs.harvard.edu/abs/2010MNRAS.404.1922A},
  adsnote = {Provided by the SAO/NASA Astrophysics Data System}
}


@ARTICLE{Balogh2011,
   author = {{Balogh}, M.~L. and {McGee}, S.~L. and {Wilman}, D.~J. and {Finoguenov}, A. and 
	{Parker}, L.~C. and {Connelly}, J.~L. and {Mulchaey}, J.~S. and 
	{Bower}, R.~G. and {Tanaka}, M. and {Giodini}, S.},
    title = "{Direct observational evidence for a large transient galaxy population in groups at 0.85 {\lt} z {\lt} 1}",
  journal = {\mnras},
archivePrefix = "arXiv",
   eprint = {1011.5509},
 primaryClass = "astro-ph.CO",
 keywords = {galaxies: clusters: general},
     year = 2011,
    month = apr,
   volume = 412,
    pages = {2303-2317},
      doi = {10.1111/j.1365-2966.2010.18052.x},
   adsurl = {http://adsabs.harvard.edu/abs/2011MNRAS.412.2303B},
  adsnote = {Provided by the SAO/NASA Astrophysics Data System}
}



@ARTICLE{Bardeau2007,
   author = {{Bardeau}, S. and {Soucail}, G. and {Kneib}, J.-P. and {Czoske}, O. and 
	{Ebeling}, H. and {Hudelot}, P. and {Smail}, I. and {Smith}, G.~P.
	},
    title = "{A CFH12k lensing survey of X-ray luminous galaxy clusters. II. Weak lensing analysis and global correlations}",
  journal = {\aap},
   eprint = {arXiv:astro-ph/0703395},
 keywords = {gravitational lensing, dark matter, galaxies: clusters: general},
     year = 2007,
    month = aug,
   volume = 470,
    pages = {449-466},
      doi = {10.1051/0004-6361:20077443},
   adsurl = {http://adsabs.harvard.edu/abs/2007A%26A...470..449B},
  adsnote = {Provided by the SAO/NASA Astrophysics Data System}
}


@ARTICLE{Bartelmann1996,
   author = {{Bartelmann}, M.},
    title = "{Arcs from a universal dark-matter halo profile.}",
  journal = {\aap},
   eprint = {arXiv:astro-ph/9602053},
 keywords = {COSMOLOGY: GRAVITATIONAL LENSING, COSMOLOGY: DARK MATTER},
     year = 1996,
    month = sep,
   volume = 313,
    pages = {697-702},
   adsurl = {http://adsabs.harvard.edu/abs/1996A%26A...313..697B},
  adsnote = {Provided by the SAO/NASA Astrophysics Data System}
}


@ARTICLE{Becker2007,
   author = {{Becker}, M.~R. and {McKay}, T.~A. and {Koester}, B. and {Wechsler}, R.~H. and 
	{Rozo}, E. and {Evrard}, A. and {Johnston}, D. and {Sheldon}, E. and 
	{Annis}, J. and {Lau}, E. and {Nichol}, R. and {Miller}, C.},
    title = "{The Mean and Scatter of the Velocity Dispersion-Optical Richness Relation for maxBCG Galaxy Clusters}",
  journal = {\apj},
archivePrefix = "arXiv",
   eprint = {0704.3614},
 keywords = {Cosmology: Observations, Galaxies: Clusters: General, Methods: Data Analysis},
     year = 2007,
    month = nov,
   volume = 669,
    pages = {905-928},
      doi = {10.1086/521920},
   adsurl = {http://adsabs.harvard.edu/abs/2007ApJ...669..905B},
  adsnote = {Provided by the SAO/NASA Astrophysics Data System}
}




@ARTICLE{Bertin1996,
   author = {{Bertin}, E. and {Arnouts}, S.},
    title = "{SExtractor: Software for source extraction.}",
  journal = {\aaps},
 keywords = {METHODS: DATA ANALYSIS, TECHNIQUES: IMAGE PROCESSING, GALAXIES: PHOTOMETRY},
     year = 1996,
    month = jun,
   volume = 117,
    pages = {393-404},
   adsurl = {http://adsabs.harvard.edu/abs/1996A%26AS..117..393B},
  adsnote = {Provided by the SAO/NASA Astrophysics Data System}
}


@ARTICLE{Boldrin2012,
   author = {{Boldrin}, M. and {Giocoli}, C. and {Meneghetti}, M. and {Moscardini}, L.
	},
    title = "{Predicting the number of giant arcs expected in the next-generation wide-field surveys from space}",
  journal = {\mnras},
archivePrefix = "arXiv",
   eprint = {1209.2709},
 primaryClass = "astro-ph.CO",
 keywords = {gravitational lensing: strong, cosmology: theory},
     year = 2012,
    month = dec,
   volume = 427,
    pages = {3134-3144},
      doi = {10.1111/j.1365-2966.2012.22120.x},
   adsurl = {http://adsabs.harvard.edu/abs/2012MNRAS.427.3134B},
  adsnote = {Provided by the SAO/NASA Astrophysics Data System}
}





@ARTICLE{Broadhurst08,
   author = {{Broadhurst}, T. and {Barkana}, R.},
    title = "{Large Einstein Radii: A Problem for LambdaCDM}",
  journal = {ArXiv e-prints},
   eprint = {0801.1875},
     year = 2008,
    month = jan,
   volume = 801,
   adsurl = {http://adsabs.harvard.edu/abs/2008arXiv0801.1875B},
  adsnote = {Provided by the SAO/NASA Astrophysics Data System}
}


@INPROCEEDINGS{Bridle2002,
   author = {{Bridle}, S.~L. and {Kneib}, J.-P. and {Bardeau}, S. and {Gull}, S.~F.
	},
    title = "{Bayesian Galaxy Shape Estimation}",
 keywords = {Galaxies, gravitational lensing},
booktitle = {The Shapes of Galaxies and their Dark Halos},
     year = 2002,
   editor = {{Natarajan}, P.},
    month = mar,
    pages = {38-46},
      doi = {10.1142/9789812778017_0006},
   adsurl = {http://adsabs.harvard.edu/abs/2002sgdh.conf...38B},
  adsnote = {Provided by the SAO/NASA Astrophysics Data System}
}


@ARTICLE{hyperz,
   author = {{Bolzonella}, M. and {Miralles}, J.-M. and {Pell{\' o}}, R.},
    title = "{Photometric redshifts based on standard SED fitting procedures}",
  journal = {\aap},
     year = 2000,
    month = nov,
   volume = 363,
    pages = {476-492}
}


@ARTICLE{Cabanac2007,
   author = {{Cabanac}, R.~A. and {Alard}, C. and {Dantel-Fort}, M. and {Fort}, B. and 
  	{Gavazzi}, R. and {Gomez}, P. and {Kneib}, J.~P. and {Le F{\`e}vre}, O. and 
	{Mellier}, Y. and {Pello}, R. and {Soucail}, G. and {Sygnet}, J.~F. and 
{Valls-Gabaud}, D.},
    title = "{The CFHTLS strong lensing legacy survey. I. Survey overview and T0002 release sample}",
    journal = {\aap},
    eprint = {arXiv:astro-ph/0610362},
    keywords = {gravitational lensing, surveys, cosmology: dark matter, galaxies: fundamental parameters, galaxies: clusters: general, galaxies: halos},
    year = 2007,
    month = jan,
    volume = 461,
    pages = {813-821},
    doi = {10.1051/0004-6361:20065810},
    adsurl = {http://adsabs.harvard.edu/abs/2007A%26A...461..813C},
    adsnote = {Provided by the SAO/NASA Astrophysics Data System}
}


@ARTICLE{Colless2001,
   author = {{Colless}, M. and {Dalton}, G. and {Maddox}, S. and {Sutherland}, W. and 
	{Norberg}, P. and {Cole}, S. and {Bland-Hawthorn}, J. and {Bridges}, T. and 
	{Cannon}, R. and {Collins}, C. and {Couch}, W. and {Cross}, N. and 
	{Deeley}, K. and {De Propris}, R. and {Driver}, S.~P. and {Efstathiou}, G. and 
	{Ellis}, R.~S. and {Frenk}, C.~S. and {Glazebrook}, K. and {Jackson}, C. and 
	{Lahav}, O. and {Lewis}, I. and {Lumsden}, S. and {Madgwick}, D. and 
	{Peacock}, J.~A. and {Peterson}, B.~A. and {Price}, I. and {Seaborne}, M. and 
	{Taylor}, K.},
    title = "{The 2dF Galaxy Redshift Survey: spectra and redshifts}",
  journal = {\mnras},
   eprint = {arXiv:astro-ph/0106498},
 keywords = {SURVEYS, GALAXIES: CLUSTERS: GENERAL, GALAXIES: DISTANCES AND REDSHIFTS, COSMOLOGY: OBSERVATIONS, LARGE-SCALE STRUCTURE OF UNIVERSE},
     year = 2001,
    month = dec,
   volume = 328,
    pages = {1039-1063},
      doi = {10.1046/j.1365-8711.2001.04902.x},
   adsurl = {http://adsabs.harvard.edu/abs/2001MNRAS.328.1039C},
  adsnote = {Provided by the SAO/NASA Astrophysics Data System}
}





@ARTICLE{Cucciati2010,
   author = {{Cucciati}, O. and {Marinoni}, C. and {Iovino}, A. and {Bardelli}, S. and 
	{Adami}, C. and {Mazure}, A. and {Scodeggio}, M. and {Maccagni}, D. and 
	{Temporin}, S. and {Zucca}, E. and {De Lucia}, G. and {Blaizot}, J. and 
	{Garilli}, B. and {Meneux}, B. and {Zamorani}, G. and {Le F{\`e}vre}, O. and 
	{Cappi}, A. and {Guzzo}, L. and {Bottini}, D. and {Le Brun}, V. and 
	{Tresse}, L. and {Vettolani}, G. and {Zanichelli}, A. and {Arnouts}, S. and 
	{Bolzonella}, M. and {Charlot}, S. and {Ciliegi}, P. and {Contini}, T. and 
	{Foucaud}, S. and {Franzetti}, P. and {Gavignaud}, I. and {Ilbert}, O. and 
	{Lamareille}, F. and {McCracken}, H.~J. and {Marano}, B. and 
	{Merighi}, R. and {Paltani}, S. and {Pell{\`o}}, R. and {Pollo}, A. and 
	{Pozzetti}, L. and {Vergani}, D. and {P{\'e}rez-Montero}, E.
	},
    title = "{The VIMOS-VLT deep survey: the group catalogue}",
  journal = {\aap},
archivePrefix = "arXiv",
   eprint = {0911.3740},
 primaryClass = "astro-ph.CO",
 keywords = {galaxies: clusters: general, large-scale structure of Universe, galaxies: high-redshift, galaxies: evolution, galaxies: statistics},
     year = 2010,
    month = sep,
   volume = 520,
      eid = {A42},
    pages = {A42},
      doi = {10.1051/0004-6361/200911831},
   adsurl = {http://adsabs.harvard.edu/abs/2010A%26A...520A..42C},
  adsnote = {Provided by the SAO/NASA Astrophysics Data System}
}



@ARTICLE{Cui2011,
   author = {{Cui}, W. and {Springel}, V. and {Yang}, X. and {De Lucia}, G. and 
	{Borgani}, S.},
    title = "{Properties of fossil groups in cosmological simulations and galaxy formation models}",
  journal = {\mnras},
archivePrefix = "arXiv",
   eprint = {1102.4269},
 primaryClass = "astro-ph.CO",
 keywords = {galaxy: evolution, galaxies: formation},
     year = 2011,
    month = oct,
   volume = 416,
    pages = {2997-3008},
      doi = {10.1111/j.1365-2966.2011.19248.x},
   adsurl = {http://adsabs.harvard.edu/abs/2011MNRAS.416.2997C},
  adsnote = {Provided by the SAO/NASA Astrophysics Data System}
}



@ARTICLE{Coupon2009,
   author = {{Coupon}, J. and {Ilbert}, O. and {Kilbinger}, M. and {McCracken}, H.~J. and 
	{Mellier}, Y. and {Arnouts}, S. and {Bertin}, E. and {Hudelot}, P. and 
	{Schultheis}, M. and {Le F{\`e}vre}, O. and {Le Brun}, V. and 
	{Guzzo}, L. and {Bardelli}, S. and {Zucca}, E. and {Bolzonella}, M. and 
	{Garilli}, B. and {Zamorani}, G. and {Zanichelli}, A. and {Tresse}, L. and 
	{Aussel}, H.},
    title = "{Photometric redshifts for the CFHTLS T0004 deep and wide fields}",
  journal = {\aap},
archivePrefix = "arXiv",
   eprint = {0811.3326},
 keywords = {galaxies: distances and redshifts, cosmology: observations, cosmology: large-scale structure of Universe},
     year = 2009,
    month = jun,
   volume = 500,
    pages = {981-998},
      doi = {10.1051/0004-6361/200811413},
   adsurl = {http://adsabs.harvard.edu/abs/2009A%26A...500..981C},
  adsnote = {Provided by the SAO/NASA Astrophysics Data System}
}



@ARTICLE{Dalal2004,
   author = {{Dalal}, N. and {Holder}, G. and {Hennawi}, J.~F.},
    title = "{Statistics of Giant Arcs in Galaxy Clusters}",
  journal = {\apj},
   eprint = {arXiv:astro-ph/0310306},
 keywords = {Cosmology: Dark Matter, Galaxies: Clusters: General, Cosmology: Gravitational Lensing},
     year = 2004,
    month = jul,
   volume = 609,
    pages = {50-60},
      doi = {10.1086/420960},
   adsurl = {http://adsabs.harvard.edu/abs/2004ApJ...609...50D},
  adsnote = {Provided by the SAO/NASA Astrophysics Data System}
}






@ARTICLE{eke96,
   author = {{Eke}, V.~R. and {Cole}, S. and {Frenk}, C.~S.},
    title = "{Cluster evolution as a diagnostic for Omega}",
  journal = {\mnras},
   eprint = {arXiv:astro-ph/9601088},
     year = 1996,
    month = sep,
   volume = 282,
    pages = {263-280},
   adsurl = {http://adsabs.harvard.edu/abs/1996MNRAS.282..263E},
  adsnote = {Provided by the Smithsonian/NASA Astrophysics Data System}
}



@ARTICLE{Faure2008,
   author = {{Faure}, C. and {Kneib}, J.-P. and {Covone}, G. and {Tasca}, L. and 
	{Leauthaud}, A. and {Capak}, P. and {Jahnke}, K. and {Smolcic}, V. and 
	{de la Torre}, S. and {Ellis}, R. and {Finoguenov}, A. and {Koekemoer}, A. and 
	{Le Fevre}, O. and {Massey}, R. and {Mellier}, Y. and {Refregier}, A. and 
	{Rhodes}, J. and {Scoville}, N. and {Schinnerer}, E. and {Taylor}, J. and 
	{Van Waerbeke}, L. and {Walcher}, J.},
    title = "{First Catalog of Strong Lens Candidates in the COSMOS Field}",
  journal = {\apjs},
archivePrefix = "arXiv",
   eprint = {0802.2174},
 keywords = {Catalogs, Galaxies: Statistics, Cosmology: Gravitational Lensing},
     year = 2008,
    month = may,
   volume = 176,
    pages = {19-38},
      doi = {10.1086/526426},
   adsurl = {http://adsabs.harvard.edu/abs/2008ApJS..176...19F},
  adsnote = {Provided by the SAO/NASA Astrophysics Data System}
}







@ARTICLE{Faure2011,
   author = {{Faure}, C. and {Anguita}, T. and {Alloin}, D. and {Bundy}, K. and 
	{Finoguenov}, A. and {Leauthaud}, A. and {Knobel}, C. and {Kneib}, J.-P. and 
	{Jullo}, E. and {Ilbert}, O. and {Koekemoer}, A.~M. and {Capak}, P. and 
	{Scoville}, N. and {Tasca}, L.~A.~M.},
    title = "{On the evolution of environmental and mass properties of strong lens galaxies in COSMOS}",
  journal = {\aap},
archivePrefix = "arXiv",
   eprint = {1009.1545},
 primaryClass = "astro-ph.CO",
 keywords = {gravitational lensing: strong},
     year = 2011,
    month = may,
   volume = 529,
    pages = {A72+},
      doi = {10.1051/0004-6361/200913498},
   adsurl = {http://adsabs.harvard.edu/abs/2011A%26A...529A..72F},
  adsnote = {Provided by the SAO/NASA Astrophysics Data System}
}


@ARTICLE{Finoguenov2007,
   author = {{Finoguenov}, A. and {Ponman}, T.~J. and {Osmond}, J.~P.~F. and 
	{Zimer}, M.},
    title = "{XMM-Newton study of 0.012 {\lt} z {\lt} 0.024 groups - I. Overview of the IGM thermodynamics}",
  journal = {\mnras},
   eprint = {arXiv:astro-ph/0611846},
 keywords = {galaxies: clusters: general, cosmology: observations, X-rays: galaxies: clusters},
     year = 2007,
    month = jan,
   volume = 374,
    pages = {737-760},
      doi = {10.1111/j.1365-2966.2006.11194.x},
   adsurl = {http://adsabs.harvard.edu/abs/2007MNRAS.374..737F},
  adsnote = {Provided by the SAO/NASA Astrophysics Data System}
}



@ARTICLE{Gael2012,
   author = {{Fo{\"e}x}, G. and {Soucail}, G. and {Pointecouteau}, E. and 
	{Arnaud}, M. and {Limousin}, M. and {Pratt}, G.~W.},
    title = "{The dark matter distribution in z \~{} 0.5 clusters of galaxies. I. Determining scaling relations with weak lensing masses}",
  journal = {\aap},
archivePrefix = "arXiv",
   eprint = {1208.4026},
 primaryClass = "astro-ph.CO",
 keywords = {gravitational lensing: weak, X-rays: galaxies: clusters, cosmology: observations, dark matter, galaxies: clusters: general},
     year = 2012,
    month = oct,
   volume = 546,
      eid = {A106},
    pages = {A106},
      doi = {10.1051/0004-6361/201218973},
   adsurl = {http://adsabs.harvard.edu/abs/2012A%26A...546A.106F},
  adsnote = {Provided by the SAO/NASA Astrophysics Data System}
}


@ARTICLE{Gavazzi2005,
   author = {{Gavazzi}, R.},
    title = "{Projection effects in cluster mass estimates: the case of MS2137-23}",
  journal = {\aap},
   eprint = {arXiv:astro-ph/0503696},
 keywords = {cosmology: dark matter, galaxies: clusters: individual:, MS2137, galaxies: elliptical and lenticular, cD, gravitational lensing, galaxies: kinematics and dynamics, galaxies: clusters: general},
     year = 2005,
    month = dec,
   volume = 443,
    pages = {793-804},
      doi = {10.1051/0004-6361:20053166},
   adsurl = {http://adsabs.harvard.edu/abs/2005A%26A...443..793G},
  adsnote = {Provided by the SAO/NASA Astrophysics Data System}
}





@ARTICLE{Gavazzi2012,
   author = {{Gavazzi}, R. and {Treu}, T. and {Marshall}, P.~J. and {Brault}, F. and 
	{Ruff}, A.},
    title = "{The SL2S Galaxy-scale Gravitational Lens Sample. I. The Alignment of Mass and Light in Massive Early-type Galaxies at z = 0.2-0.9}",
  journal = {\apj},
archivePrefix = "arXiv",
   eprint = {1202.3852},
 primaryClass = "astro-ph.CO",
 keywords = {galaxies: fundamental parameters, gravitational lensing: strong },
     year = 2012,
    month = dec,
   volume = 761,
      eid = {170},
    pages = {170},
      doi = {10.1088/0004-637X/761/2/170},
   adsurl = {http://adsabs.harvard.edu/abs/2012ApJ...761..170G},
  adsnote = {Provided by the SAO/NASA Astrophysics Data System}
}




@ARTICLE{Giodini2013,
   author = {{Giodini}, S. and {Lovisari}, L. and {Pointecouteau}, E. and 
	{Ettori}, S. and {Reiprich}, T.~H. and {Hoekstra}, H.},
    title = "{Scaling Relations for Galaxy Clusters: Properties and Evolution}",
  journal = {\ssr},
archivePrefix = "arXiv",
   eprint = {1305.3286},
 primaryClass = "astro-ph.CO",
 keywords = {Galaxy clusters, Large-scale structure of the Universe, Intracluster matter},
     year = 2013,
    month = jun,
      doi = {10.1007/s11214-013-9994-5},
   adsurl = {http://adsabs.harvard.edu/abs/2013SSRv..tmp...65G},
  adsnote = {Provided by the SAO/NASA Astrophysics Data System}
}





@ARTICLE{Gladders2007,
   author = {{Gladders}, M.~D. and {Yee}, H.~K.~C. and {Majumdar}, S. and 
	{Barrientos}, L.~F. and {Hoekstra}, H. and {Hall}, P.~B. and 
	{Infante}, L.},
    title = "{Cosmological Constraints from the Red-Sequence Cluster Survey}",
  journal = {\apj},
   eprint = {arXiv:astro-ph/0603588},
 keywords = {Cosmology: Cosmological Parameters, Galaxies: Clusters: General, Methods: Data Analysis},
     year = 2007,
    month = jan,
   volume = 655,
    pages = {128-134},
      doi = {10.1086/509909},
   adsurl = {http://adsabs.harvard.edu/abs/2007ApJ...655..128G},
  adsnote = {Provided by the SAO/NASA Astrophysics Data System}
}





@ARTICLE{Golse2002,
   author = {{Golse}, G. and {Kneib}, J.-P.},
    title = "{Pseudo elliptical lensing mass model: Application to the NFW mass distribution}",
  journal = {\aap},
   eprint = {arXiv:astro-ph/0112138},
 keywords = {cosmology: miscellaneous, gravitational lensing, dark matter, galaxies: clusters: general, galaxies: halos},
     year = 2002,
    month = aug,
   volume = 390,
    pages = {821-827},
      doi = {10.1051/0004-6361:20020639},
   adsurl = {http://adsabs.harvard.edu/abs/2002A%26A...390..821G},
  adsnote = {Provided by the SAO/NASA Astrophysics Data System}
}



@ARTICLE{Helsdon2000b,
   author = {{Helsdon}, S.~F. and {Ponman}, T.~J.},
    title = "{The intragroup medium in loose groups of galaxies}",
  journal = {\mnras},
   eprint = {arXiv:astro-ph/0002051},
 keywords = {GALAXIES: CLUSTERS: GENERAL, INTERGALACTIC MEDIUM, X-RAYS: GALAXIES},
     year = 2000,
    month = jun,
   volume = 315,
    pages = {356-370},
      doi = {10.1046/j.1365-8711.2000.03396.x},
   adsurl = {http://adsabs.harvard.edu/abs/2000MNRAS.315..356H},
  adsnote = {Provided by the SAO/NASA Astrophysics Data System}
}

@ARTICLE{Helsdon2000a,
   author = {{Helsdon}, S.~F. and {Ponman}, T.~J.},
    title = "{Are X-ray properties of loose groups different from those of compact groups?}",
  journal = {\mnras},
   eprint = {arXiv:astro-ph/0008194},
 keywords = {INTERGALACTIC MEDIUM, X-RAYS: GALAXIES},
     year = 2000,
    month = dec,
   volume = 319,
    pages = {933-938},
      doi = {10.1046/j.1365-8711.2000.03916.x},
   adsurl = {http://adsabs.harvard.edu/abs/2000MNRAS.319..933H},
  adsnote = {Provided by the SAO/NASA Astrophysics Data System}
}






@ARTICLE{Hennawi2007,
   author = {{Hennawi}, J.~F. and {Dalal}, N. and {Bode}, P. and {Ostriker}, J.~P.
	},
    title = "{Characterizing the Cluster Lens Population}",
  journal = {\apj},
   eprint = {arXiv:astro-ph/0506171},
 keywords = {Cosmology: Theory, Cosmology: Dark Matter, Galaxies: Clusters: General, Cosmology: Gravitational Lensing, Cosmology: Large-Scale Structure of Universe, Methods: Numerical},
     year = 2007,
    month = jan,
   volume = 654,
    pages = {714-730},
      doi = {10.1086/497362},
   adsurl = {http://adsabs.harvard.edu/abs/2007ApJ...654..714H},
  adsnote = {Provided by the SAO/NASA Astrophysics Data System}
}


@ARTICLE{Hou2009,
   author = {{Hou}, A. and {Parker}, L.~C. and {Harris}, W.~E. and {Wilman}, D.~J.
	},
    title = "{Statistical Tools for Classifying Galaxy Group Dynamics}",
  journal = {\apj},
archivePrefix = "arXiv",
   eprint = {0908.0938},
 primaryClass = "astro-ph.GA",
 keywords = {galaxies: interactions, galaxies: statistics},
     year = 2009,
    month = sep,
   volume = 702,
    pages = {1199-1210},
      doi = {10.1088/0004-637X/702/2/1199},
   adsurl = {http://adsabs.harvard.edu/abs/2009ApJ...702.1199H},
  adsnote = {Provided by the SAO/NASA Astrophysics Data System}
}


@ARTICLE{Hou2012,
   author = {{Hou}, A. and {Parker}, L.~C. and {Wilman}, D.~J. and {McGee}, S.~L. and 
	{Harris}, W.~E. and {Connelly}, J.~L. and {Balogh}, M.~L. and 
	{Mulchaey}, J.~S. and {Bower}, R.~G.},
    title = "{Substructure in the most massive GEEC groups: field-like populations in dynamically active groups}",
  journal = {\mnras},
archivePrefix = "arXiv",
   eprint = {1201.3676},
 primaryClass = "astro-ph.CO",
 keywords = {galaxies: evolution, galaxies: groups: general, galaxies: statistics},
     year = 2012,
    month = apr,
   volume = 421,
    pages = {3594-3611},
      doi = {10.1111/j.1365-2966.2012.20586.x},
   adsurl = {http://adsabs.harvard.edu/abs/2012MNRAS.421.3594H},
  adsnote = {Provided by the SAO/NASA Astrophysics Data System}
}




@ARTICLE{jullo07,
   author = {{Jullo}, E. and {Kneib}, J.-P. and {Limousin}, M. and {El{\'{\i}}asd{\'o}ttir}, {\'A}. and 
   	{Marshall}, P.~J. and {Verdugo}, T.},
   title = "{A Bayesian approach to strong lensing modelling of galaxy clusters}",
   journal = {New Journal of Physics},
   eprint = {arXiv:0706.0048},
   year = 2007,
   month = dec,
   volume = 9,
   pages = {447-+},
   doi = {10.1088/1367-2630/9/12/447},
   adsurl = {http://adsabs.harvard.edu/abs/2007NJPh....9..447J},
   adsnote = {Provided by the SAO/NASA Astrophysics Data System}
}


@ARTICLE{Kinney1996,
   author = {{Kinney}, A.~L. and {Calzetti}, D. and {Bohlin}, R.~C. and {McQuade}, K. and 
	{Storchi-Bergmann}, T. and {Schmitt}, H.~R.},
    title = "{Template Ultraviolet to Near-Infrared Spectra of Star-forming Galaxies and Their Application to K-Corrections}",
  journal = {\apj},
 keywords = {GALAXIES: PHOTOMETRY, GALAXIES: STARBURST, GALAXIES: DISTANCES AND REDSHIFTS, GALAXIES: STELLAR CONTENT, GALAXIES: QUASARS: GENERAL},
     year = 1996,
    month = aug,
   volume = 467,
    pages = {38},
      doi = {10.1086/177583},
   adsurl = {http://adsabs.harvard.edu/abs/1996ApJ...467...38K},
  adsnote = {Provided by the SAO/NASA Astrophysics Data System}
}



@PHDTHESIS{Kneib1993,
   author = {{Kneib}, J.-P.},
   title = "{Amas de Galaxies}",
   school = {Universit\'e Paul Sabatier, Toulouse III, France},
    year = 1993
} 



@ARTICLE{Knobel2009,
   author = {{Knobel}, C. and {Lilly}, S.~J. and {Iovino}, A. and {Porciani}, C. and 
	{Kova{\v c}}, K. and {Cucciati}, O. and {Finoguenov}, A. and 
	{Kitzbichler}, M.~G. and {Carollo}, C.~M. and {Contini}, T. and 
	{Kneib}, J.-P. and {Le F{\`e}vre}, O. and {Mainieri}, V. and 
	{Renzini}, A. and {Scodeggio}, M. and {Zamorani}, G. and {Bardelli}, S. and 
	{Bolzonella}, M. and {Bongiorno}, A. and {Caputi}, K. and {Coppa}, G. and 
	{de la Torre}, S. and {de Ravel}, L. and {Franzetti}, P. and 
	{Garilli}, B. and {Kampczyk}, P. and {Lamareille}, F. and {Le Borgne}, J.-F. and 
	{Le Brun}, V. and {Maier}, C. and {Mignoli}, M. and {Pello}, R. and 
	{Peng}, Y. and {Perez Montero}, E. and {Ricciardelli}, E. and 
	{Silverman}, J.~D. and {Tanaka}, M. and {Tasca}, L. and {Tresse}, L. and 
	{Vergani}, D. and {Zucca}, E. and {Abbas}, U. and {Bottini}, D. and 
	{Cappi}, A. and {Cassata}, P. and {Cimatti}, A. and {Fumana}, M. and 
	{Guzzo}, L. and {Koekemoer}, A.~M. and {Leauthaud}, A. and {Maccagni}, D. and 
	{Marinoni}, C. and {McCracken}, H.~J. and {Memeo}, P. and {Meneux}, B. and 
	{Oesch}, P. and {Pozzetti}, L. and {Scaramella}, R.},
    title = "{An Optical Group Catalog to z = 1 from the zCOSMOS 10 k Sample}",
  journal = {\apj},
archivePrefix = "arXiv",
   eprint = {0903.3411},
 primaryClass = "astro-ph.CO",
 keywords = {catalogs, galaxies: clusters: general, galaxies: high-redshift, methods: data analysis},
     year = 2009,
    month = jun,
   volume = 697,
    pages = {1842-1860},
      doi = {10.1088/0004-637X/697/2/1842},
   adsurl = {http://adsabs.harvard.edu/abs/2009ApJ...697.1842K},
  adsnote = {Provided by the SAO/NASA Astrophysics Data System}
}


@ARTICLE{Li2012,
   author = {{Li}, I.~H. and {Yee}, H.~K.~C. and {Hsieh}, B.~C. and {Gladders}, M.
	},
    title = "{Evolution of Group Galaxies from the First Red-Sequence Cluster Survey}",
  journal = {\apj},
archivePrefix = "arXiv",
   eprint = {1202.4767},
 primaryClass = "astro-ph.CO",
 keywords = {galaxies: clusters: general, galaxies: evolution, galaxies: photometry},
     year = 2012,
    month = apr,
   volume = 749,
      eid = {150},
    pages = {150},
      doi = {10.1088/0004-637X/749/2/150},
   adsurl = {http://adsabs.harvard.edu/abs/2012ApJ...749..150L},
  adsnote = {Provided by the SAO/NASA Astrophysics Data System}
}




@ARTICLE{paperI,
   author = {{Limousin}, M. and {Cabanac}, R. and {Gavazzi}, R. and {Kneib}, {J.-P.} and 
	{Motta}, V. and {Richard}, J. and {Thanjavur}, K. and {Foex}, G. and 
	{Pello}, R. and {Crampton}, D. and {Faure}, C. and {Fort}, B. and 
	{Jullo}, E. and {Marshall}, P. and {Mellier}, Y. and {More}, A. and 
	{Soucail}, G. and {Suyu}, S. and {Swinbank}, M. and {Sygnet}, {J.-F.} and 
	{Tu}, H. and {Valls-Gabaud}, D. and {Verdugo}, T. and {Willis}, J.
	},
    title = "{A new window of exploration in the mass spectrum: strong lensing by galaxy groups in the SL2S}",
  journal = {\aap},
archivePrefix = "arXiv",
   eprint = {0812.1033},
 keywords = {gravitational lensing: cosmology: large-scale structure of Universe},
     year = 2009,
    month = aug,
   volume = 502,
    pages = {445-456},
      doi = {10.1051/0004-6361/200811473},
   adsurl = {http://adsabs.harvard.edu/abs/2009A%26A...502..445L},
  adsnote = {Provided by the SAO/NASA Astrophysics Data System}
}



@ARTICLE{Limousin2010,
   author = {{Limousin}, M. and {Jullo}, E. and {Richard}, J. and {Cabanac}, R. and 
	{Suyu}, S.~H. and {Halkola}, A. and {Kneib}, J.-P. and {Gavazzi}, R. and 
	{Soucail}, G.},
    title = "{Strong lensing as a probe of the mass distribution beyond the Einstein radius. Mass and light in SL2S J08544-0121, a galaxy group at z = 0.35}",
  journal = {\aap},
archivePrefix = "arXiv",
   eprint = {0906.4118},
 primaryClass = "astro-ph.CO",
 keywords = {gravitational lensing: strong, dark matter},
     year = 2010,
    month = dec,
   volume = 524,
      eid = {A95},
    pages = {A95},
      doi = {10.1051/0004-6361/200912747},
   adsurl = {http://adsabs.harvard.edu/abs/2010A%26A...524A..95L},
  adsnote = {Provided by the SAO/NASA Astrophysics Data System}
}



@ARTICLE{Limousin2013,
   author = {{Limousin}, M. and {Morandi}, A. and {Sereno}, M. and {Meneghetti}, M. and 
	{Ettori}, S. and {Bartelmann}, M. and {Verdugo}, T.},
    title = "{The Three-Dimensional Shapes of Galaxy Clusters}",
  journal = {\ssr},
archivePrefix = "arXiv",
   eprint = {1210.3067},
 primaryClass = "astro-ph.CO",
 keywords = {Cosmology, Galaxy clusters, Triaxiality, Gravitational lensing, X-Rays, Sunyaev Zel'dovich},
     year = 2013,
    month = may,
      doi = {10.1007/s11214-013-9980-y},
   adsurl = {http://adsabs.harvard.edu/abs/2013SSRv..tmp...53L},
  adsnote = {Provided by the SAO/NASA Astrophysics Data System}
}



@ARTICLE{Limousin2012,
   author = {{Limousin}, M. and {Ebeling}, H. and {Richard}, J. and {Swinbank}, A.~M. and 
	{Smith}, G.~P. and {Jauzac}, M. and {Rodionov}, S. and {Ma}, C.-J. and 
	{Smail}, I. and {Edge}, A.~C. and {Jullo}, E. and {Kneib}, J.-P.
	},
    title = "{Strong lensing by a node of the cosmic web. The core of MACS J0717.5+3745 at z = 0.55}",
  journal = {\aap},
archivePrefix = "arXiv",
   eprint = {1109.3301},
 primaryClass = "astro-ph.CO",
 keywords = {gravitational lensing: strong, galaxies: clusters: individual: MACS J0717.5+3745, large-scale structure of Universe, dark matter},
     year = 2012,
    month = aug,
   volume = 544,
      eid = {A71},
    pages = {A71},
      doi = {10.1051/0004-6361/201117921},
   adsurl = {http://adsabs.harvard.edu/abs/2012A%26A...544A..71L},
  adsnote = {Provided by the SAO/NASA Astrophysics Data System}
}





@ARTICLE{Lin2003,
   author = {{Lin}, Y.-T. and {Mohr}, J.~J. and {Stanford}, S.~A.},
    title = "{Near-Infrared Properties of Galaxy Clusters: Luminosity as a Binding Mass Predictor and the State of Cluster Baryons}",
  journal = {\apj},
   eprint = {arXiv:astro-ph/0304033},
 keywords = {Cosmology: Observations, Galaxies: Clusters: General, Galaxies: Luminosity Function, Mass Function, Infrared: Galaxies},
     year = 2003,
    month = jul,
   volume = 591,
    pages = {749-763},
      doi = {10.1086/375513},
   adsurl = {http://adsabs.harvard.edu/abs/2003ApJ...591..749L},
  adsnote = {Provided by the SAO/NASA Astrophysics Data System}
}






@ARTICLE{Meneghetti2003,
   author = {{Meneghetti}, M. and {Bartelmann}, M. and {Moscardini}, L.},
    title = "{Cluster cross-sections for strong lensing: analytic and numerical lens models}",
  journal = {\mnras},
   eprint = {arXiv:astro-ph/0201501},
 keywords = {gravitational lensing, galaxies: clusters: general, cosmology: theory, dark matter},
     year = 2003,
    month = mar,
   volume = 340,
    pages = {105-114},
      doi = {10.1046/j.1365-8711.2003.06276.x},
   adsurl = {http://adsabs.harvard.edu/abs/2003MNRAS.340..105M},
  adsnote = {Provided by the SAO/NASA Astrophysics Data System}
}


@ARTICLE{Meneghetti2013,
   author = {{Meneghetti}, M. and {Bartelmann}, M. and {Dahle}, H. and {Limousin}, M
	},
    title = "{Arc Statistics}",
  journal = {ArXiv e-prints},
archivePrefix = "arXiv",
   eprint = {1303.3363},
 primaryClass = "astro-ph.CO",
 keywords = {Astrophysics - Cosmology and Extragalactic Astrophysics},
     year = 2013,
    month = mar,
   adsurl = {http://adsabs.harvard.edu/abs/2013arXiv1303.3363M},
  adsnote = {Provided by the SAO/NASA Astrophysics Data System}
}





@ARTICLE{mcl98,
   author = {{McLeod}, B.~A. and {Bernstein}, G.~M. and {Rieke}, M.~J. and 
	{Weedman}, D.~W.},
    title = "{The Gravitational Lens MG 0414+0534: A Link between Red Galaxies and Dust}",
  journal = {\aj},
   eprint = {arXiv:astro-ph/9801308},
 keywords = {GALAXIES: EVOLUTION, COSMOLOGY: GRAVITATIONAL LENSING, GALAXIES: EVOLUTION, GRAVITATIONAL LENSING},
     year = 1998,
    month = apr,
   volume = 115,
    pages = {1377-1382},
      doi = {10.1086/300285},
   adsurl = {http://adsabs.harvard.edu/abs/1998AJ....115.1377M},
  adsnote = {Provided by the SAO/NASA Astrophysics Data System}
}





@ARTICLE{More2012,
   author = {{More}, A. and {Cabanac}, R. and {More}, S. and {Alard}, C. and 
	{Limousin}, M. and {Kneib}, J.-P. and {Gavazzi}, R. and {Motta}, V.
	},
    title = "{The CFHTLS-Strong Lensing Legacy Survey (SL2S): Investigating the Group-scale Lenses with the SARCS Sample}",
  journal = {\apj},
archivePrefix = "arXiv",
   eprint = {1109.1821},
 primaryClass = "astro-ph.CO",
 keywords = {dark matter, gravitational lensing: strong, methods: data analysis, surveys},
     year = 2012,
    month = apr,
   volume = 749,
      eid = {38},
    pages = {38},
      doi = {10.1088/0004-637X/749/1/38},
   adsurl = {http://adsabs.harvard.edu/abs/2012ApJ...749...38M},
  adsnote = {Provided by the SAO/NASA Astrophysics Data System}
}


@ARTICLE{Narayan1996,
   author = {{Narayan}, R. and {Bartelmann}, M.},
    title = "{Lectures on Gravitational Lensing}",
  journal = {ArXiv Astrophysics e-prints},
   eprint = {arXiv:astro-ph/9606001},
 keywords = {Astrophysics},
     year = 1996,
    month = jun,
   adsurl = {http://adsabs.harvard.edu/abs/1996astro.ph..6001N},
  adsnote = {Provided by the SAO/NASA Astrophysics Data System}
}


@ARTICLE{Ribeiro2013,
   author = {{Ribeiro}, A.~L.~B. and {Schilling}, A.~C. and {de Carvalho}, R.~R. and 
	{La Barbera}, F. and {Trevisan}, M. and {Lopes}, P.~A. and {Capelato}, H.~V.
	},
    title = "{SPIDER IX - Classifying Galaxy Groups according to their Velocity Distribution}",
  journal = {ArXiv e-prints},
archivePrefix = "arXiv",
   eprint = {1306.4722},
 primaryClass = "astro-ph.CO",
 keywords = {Astrophysics - Cosmology and Extragalactic Astrophysics},
     year = 2013,
    month = jun,
   adsurl = {http://adsabs.harvard.edu/abs/2013arXiv1306.4722R},
  adsnote = {Provided by the SAO/NASA Astrophysics Data System}
}



@ARTICLE{Roberto2013,
   author = {{Mu{\~n}oz}, R.~P. and {Motta}, V. and {Verdugo}, T. and {Garrido}, F. and 
	{Limousin}, M. and {Padilla}, N. and {Fo{\"e}x}, G. and {Cabanac}, R. and 
	{Gavazzi}, R. and {Barrientos}, L.~F. and {Richard}, J.},
    title = "{Dynamical analysis of strong-lensing galaxy groups at intermediate redshift}",
  journal = {\aap},
archivePrefix = "arXiv",
   eprint = {1212.2624},
 primaryClass = "astro-ph.CO",
 keywords = {galaxies: groups: general, galaxies: kinematics and dynamics, galaxies: evolution, galaxies: high-redshift},
     year = 2013,
    month = apr,
   volume = 552,
      eid = {A80},
    pages = {A80},
      doi = {10.1051/0004-6361/201118513},
   adsurl = {http://adsabs.harvard.edu/abs/2013A%26A...552A..80M},
  adsnote = {Provided by the SAO/NASA Astrophysics Data System}
}


@ARTICLE{LSST2012,
   author = {{LSST Dark Energy Science Collaboration}},
    title = "{Large Synoptic Survey Telescope: Dark Energy Science Collaboration}",
  journal = {ArXiv e-prints},
archivePrefix = "arXiv",
   eprint = {1211.0310},
 primaryClass = "astro-ph.CO",
 keywords = {Astrophysics - Cosmology and Extragalactic Astrophysics, High Energy Physics - Experiment},
     year = 2012,
    month = nov,
   adsurl = {http://adsabs.harvard.edu/abs/2012arXiv1211.0310L},
  adsnote = {Provided by the SAO/NASA Astrophysics Data System}
}


@ARTICLE{Maturi2013,
   author = {{Maturi}, M. and {Mizera}, S. and {Seidel}, G.},
    title = "{Multi-color detection of gravitational arcs: method and new candidates}",
  journal = {ArXiv e-prints},
archivePrefix = "arXiv",
   eprint = {1305.3608},
 primaryClass = "astro-ph.CO",
 keywords = {Astrophysics - Cosmology and Extragalactic Astrophysics},
     year = 2013,
    month = may,
   adsurl = {http://cdsads.u-strasbg.fr/abs/2013arXiv1305.3608M},
  adsnote = {Provided by the SAO/NASA Astrophysics Data System}
}


@ARTICLE{Marshall2009,
   author = {{Marshall}, P.~J. and {Hogg}, D.~W. and {Moustakas}, L.~A. and 
	{Fassnacht}, C.~D. and {Brada{\v c}}, M. and {Schrabback}, T. and 
	{Blandford}, R.~D.},
    title = "{Automated Detection of Galaxy-Scale Gravitational Lenses in High-Resolution Imaging Data}",
  journal = {\apj},
archivePrefix = "arXiv",
   eprint = {0805.1469},
 keywords = {galaxies: elliptical and lenticular, cD, gravitational lensing, methods: data analysis, methods: statistical, surveys, techniques: miscellaneous},
     year = 2009,
    month = apr,
   volume = 694,
    pages = {924-942},
      doi = {10.1088/0004-637X/694/2/924},
   adsurl = {http://adsabs.harvard.edu/abs/2009ApJ...694..924M},
  adsnote = {Provided by the SAO/NASA Astrophysics Data System}
}



@ARTICLE{nav97,
   author = {{Navarro}, J.~F. and {Frenk}, C.~S. and {White}, S.~D.~M.},
    title = "{A Universal Density Profile from Hierarchical Clustering}",
  journal = {\apj},
   eprint = {arXiv:astro-ph/9611107},
     year = 1997,
    month = dec,
   volume = 490,
    pages = {493-+},
      doi = {10.1086/304888},
   adsurl = {http://adsabs.harvard.edu/abs/1997ApJ...490..493N},
  adsnote = {Provided by the Smithsonian/NASA Astrophysics Data System}
}



@ARTICLE{Oguri2009,
   author = {{Oguri}, M. and {Blandford}, R.~D.},
    title = "{What is the largest Einstein radius in the universe?}",
  journal = {\mnras},
archivePrefix = "arXiv",
   eprint = {0808.0192},
 keywords = {gravitational lensing , galaxies: clusters: general , cosmology: theory , dark matter},
     year = 2009,
    month = jan,
   volume = 392,
    pages = {930-944},
      doi = {10.1111/j.1365-2966.2008.14154.x},
   adsurl = {http://adsabs.harvard.edu/abs/2009MNRAS.392..930O},
  adsnote = {Provided by the SAO/NASA Astrophysics Data System}
}




@ARTICLE{Orban2009,
   author = {{Orban de Xivry}, G. and {Marshall}, P.},
    title = "{An atlas of predicted exotic gravitational lenses}",
  journal = {\mnras},
archivePrefix = "arXiv",
   eprint = {0904.1454},
 primaryClass = "astro-ph.CO",
 keywords = {gravitational lensing , surveys},
     year = 2009,
    month = oct,
   volume = 399,
    pages = {2-20},
      doi = {10.1111/j.1365-2966.2009.14925.x},
   adsurl = {http://adsabs.harvard.edu/abs/2009MNRAS.399....2O},
  adsnote = {Provided by the SAO/NASA Astrophysics Data System}
}



@ARTICLE{Osmond2004,
   author = {{Osmond}, J.~P.~F. and {Ponman}, T.~J.},
    title = "{The GEMS project: X-ray analysis and statistical properties of the group sample}",
  journal = {\mnras},
   eprint = {arXiv:astro-ph/0402439},
 keywords = {galaxies: clusters: general, galaxies: evolution, galaxies: formation, galaxies: general, intergalactic medium, X-rays: galaxies: clusters},
     year = 2004,
    month = jun,
   volume = 350,
    pages = {1511-1535},
      doi = {10.1111/j.1365-2966.2004.07742.x},
   adsurl = {http://adsabs.harvard.edu/abs/2004MNRAS.350.1511O},
  adsnote = {Provided by the SAO/NASA Astrophysics Data System}
}


@ARTICLE{Pimblet2004,
   author = {{Pimbblet}, K.~A. and {Drinkwater}, M.~J. and {Hawkrigg}, M.~C.
	},
    title = "{Intercluster filaments of galaxies programme: abundance and distribution of filaments in the 2dFGRS catalogue}",
  journal = {\mnras},
   eprint = {arXiv:astro-ph/0409576},
 keywords = {surveys, galaxies: clusters: general, cosmology: observations, large-scale structure of Universe},
     year = 2004,
    month = nov,
   volume = 354,
    pages = {L61-L65},
      doi = {10.1111/j.1365-2966.2004.08425.x},
   adsurl = {http://adsabs.harvard.edu/abs/2004MNRAS.354L..61P},
  adsnote = {Provided by the SAO/NASA Astrophysics Data System}
}



@ARTICLE{Popesso2005,
   author = {{Popesso}, P. and {Biviano}, A. and {B{\"o}hringer}, H. and 
	{Romaniello}, M. and {Voges}, W.},
    title = "{RASS-SDSS galaxy cluster survey. III. Scaling relations of galaxy clusters}",
  journal = {\aap},
   eprint = {arXiv:astro-ph/0411536},
 keywords = {X-rays: galaxies: clusters, surveys},
     year = 2005,
    month = apr,
   volume = 433,
    pages = {431-445},
      doi = {10.1051/0004-6361:20041915},
   adsurl = {http://adsabs.harvard.edu/abs/2005A%26A...433..431P},
  adsnote = {Provided by the SAO/NASA Astrophysics Data System}
}






@ARTICLE{Puchwein2009,
   author = {{Puchwein}, E. and {Hilbert}, S.},
    title = "{Cluster strong lensing in the Millennium simulation: the effect of galaxies and structures along the line-of-sight}",
  journal = {\mnras},
archivePrefix = "arXiv",
   eprint = {0904.0253},
 primaryClass = "astro-ph.CO",
 keywords = {gravitational lensing , methods: numerical , galaxies: clusters: general , cosmology: theory , dark matter , large-scale structure of the Universe},
     year = 2009,
    month = sep,
   volume = 398,
    pages = {1298-1308},
      doi = {10.1111/j.1365-2966.2009.15227.x},
   adsurl = {http://adsabs.harvard.edu/abs/2009MNRAS.398.1298P},
  adsnote = {Provided by the SAO/NASA Astrophysics Data System}
}


@ARTICLE{Rasmussen2007,
   author = {{Rasmussen}, J. and {Ponman}, T.~J.},
    title = "{Temperature and abundance profiles of hot gas in galaxy groups - I. Results and statistical analysis}",
  journal = {\mnras},
archivePrefix = "arXiv",
   eprint = {0707.0717},
 keywords = {galaxies: clusters: general, intergalactic medium, X-rays: galaxies: clusters},
     year = 2007,
    month = oct,
   volume = 380,
    pages = {1554-1572},
      doi = {10.1111/j.1365-2966.2007.12191.x},
   adsurl = {http://adsabs.harvard.edu/abs/2007MNRAS.380.1554R},
  adsnote = {Provided by the SAO/NASA Astrophysics Data System}
}


@ARTICLE{Redlich2012,
   author = {{Redlich}, M. and {Bartelmann}, M. and {Waizmann}, J.-C. and 
	{Fedeli}, C.},
    title = "{The strongest gravitational lenses. I. The statistical impact of cluster mergers}",
  journal = {\aap},
archivePrefix = "arXiv",
   eprint = {1205.6906},
 primaryClass = "astro-ph.CO",
 keywords = {cosmology: theory, gravitational lensing: strong, galaxies: clusters: general, methods: statistical},
     year = 2012,
    month = nov,
   volume = 547,
      eid = {A66},
    pages = {A66},
      doi = {10.1051/0004-6361/201219722},
   adsurl = {http://adsabs.harvard.edu/abs/2012A%26A...547A..66R},
  adsnote = {Provided by the SAO/NASA Astrophysics Data System}
}




@ARTICLE{Reyes2008,
   author = {{Reyes}, R. and {Mandelbaum}, R. and {Hirata}, C. and {Bahcall}, N. and 
	{Seljak}, U.},
    title = "{Improved optical mass tracer for galaxy clusters calibrated using weak lensing measurements}",
  journal = {\mnras},
archivePrefix = "arXiv",
   eprint = {0802.2365},
 keywords = {gravitational lensing , galaxies: clusters: general , cosmology: large scale structure of the Universe},
     year = 2008,
    month = nov,
   volume = 390,
    pages = {1157-1169},
      doi = {10.1111/j.1365-2966.2008.13818.x},
   adsurl = {http://adsabs.harvard.edu/abs/2008MNRAS.390.1157R},
  adsnote = {Provided by the SAO/NASA Astrophysics Data System}
}



@ARTICLE{Richard2009,
   author = {{Richard}, J. and {Pei}, L. and {Limousin}, M. and {Jullo}, E. and 
	{Kneib}, J.~P.},
    title = "{Keck spectroscopic survey of strongly lensed galaxies in Abell 1703: further evidence of a relaxed, unimodal cluster}",
  journal = {\aap},
archivePrefix = "arXiv",
   eprint = {0901.0427},
 primaryClass = "astro-ph.GA",
 keywords = {galaxies : high-redshift, galaxies: distances and redshifts, galaxies: clusters: individual: Abell 1703, gravitational lensing},
     year = 2009,
    month = apr,
   volume = 498,
    pages = {37-47},
      doi = {10.1051/0004-6361/200811366},
   adsurl = {http://adsabs.harvard.edu/abs/2009A%26A...498...37R},
  adsnote = {Provided by the SAO/NASA Astrophysics Data System}
}



@ARTICLE{Romeo2008,
   author = {{Romeo}, A.~D. and {Napolitano}, N.~R. and {Covone}, G. and 
	{Sommer-Larsen}, J. and {Antonuccio-Delogu}, V. and {Capaccioli}, M.
	},
    title = "{The evolution of the galaxy red sequence in simulated clusters and groups}",
  journal = {\mnras},
archivePrefix = "arXiv",
   eprint = {0804.1517},
 keywords = {Methods: N-body simulations , galaxies: clusters: general , galaxies: evolution , galaxies: formation , galaxies: stellar content , cosmology: theory},
     year = 2008,
    month = sep,
   volume = 389,
    pages = {13-26},
      doi = {10.1111/j.1365-2966.2008.13475.x},
   adsurl = {http://adsabs.harvard.edu/abs/2008MNRAS.389...13R},
  adsnote = {Provided by the SAO/NASA Astrophysics Data System}
}


@ARTICLE{Rozo2009,
   author = {{Rozo}, E. and {Rykoff}, E.~S. and {Evrard}, A. and {Becker}, M. and 
	{McKay}, T. and {Wechsler}, R.~H. and {Koester}, B.~P. and {Hao}, J. and 
	{Hansen}, S. and {Sheldon}, E. and {Johnston}, D. and {Annis}, J. and 
	{Frieman}, J.},
    title = "{Constraining the Scatter in the Mass-richness Relation of maxBCG Clusters with Weak Lensing and X-ray Data}",
  journal = {\apj},
archivePrefix = "arXiv",
   eprint = {0809.2794},
 keywords = {cosmology: observations, X-rays: galaxies: clusters},
     year = 2009,
    month = jul,
   volume = 699,
    pages = {768-781},
      doi = {10.1088/0004-637X/699/1/768},
   adsurl = {http://adsabs.harvard.edu/abs/2009ApJ...699..768R},
  adsnote = {Provided by the SAO/NASA Astrophysics Data System}
}



@ARTICLE{Sand05,
   author = {{Sand}, D.~J. and {Treu}, T. and {Ellis}, R.~S. and {Smith}, G.~P.
	},
    title = "{A Systematic Search for Gravitationally Lensed Arcs in the Hubble Space Telescope WFPC2 Archive}",
  journal = {\apj},
   eprint = {arXiv:astro-ph/0502528},
 keywords = {Galaxies: Clusters: General, Galaxies: Elliptical and Lenticular, cD, Cosmology: Gravitational Lensing},
     year = 2005,
    month = jul,
   volume = 627,
    pages = {32-52},
      doi = {10.1086/430298},
   adsurl = {http://adsabs.harvard.edu/abs/2005ApJ...627...32S},
  adsnote = {Provided by the SAO/NASA Astrophysics Data System}
}

@ARTICLE{Seidel2007,
   author = {{Seidel}, G. and {Bartelmann}, M.},
    title = "{Arcfinder: an algorithm for the automatic detection of gravitational arcs}",
  journal = {\aap},
   eprint = {arXiv:astro-ph/0607547},
 keywords = {gravitational lensing, methods: data analysis, techniques: image processing},
     year = 2007,
    month = sep,
   volume = 472,
    pages = {341-352},
      doi = {10.1051/0004-6361:20066097},
   adsurl = {http://cdsads.u-strasbg.fr/abs/2007A%26A...472..341S},
  adsnote = {Provided by the SAO/NASA Astrophysics Data System}
}



@ARTICLE{Sommer-Larsen2006,
   author = {{Sommer-Larsen}, J.},
    title = "{Properties of intra-group stars and galaxies in galaxy groups: `normal' versus `fossil' groups}",
  journal = {\mnras},
   eprint = {arXiv:astro-ph/0509849},
 keywords = {cosmology: theory: galaxies: evolution: galaxies: formation, cosmology: theory, galaxies: evolution, galaxies: formation},
     year = 2006,
    month = jun,
   volume = 369,
    pages = {958-968},
      doi = {10.1111/j.1365-2966.2006.10352.x},
   adsurl = {http://adsabs.harvard.edu/abs/2006MNRAS.369..958S},
  adsnote = {Provided by the SAO/NASA Astrophysics Data System}
}




@ARTICLE{Sun2012,
   author = {{Sun}, M.},
    title = "{Hot gas in galaxy groups: recent observations}",
  journal = {New Journal of Physics},
archivePrefix = "arXiv",
   eprint = {1203.4228},
 primaryClass = "astro-ph.CO",
     year = 2012,
    month = apr,
   volume = 14,
   number = 4,
    pages = {045004},
      doi = {10.1088/1367-2630/14/4/045004},
   adsurl = {http://adsabs.harvard.edu/abs/2012NJPh...14d5004S},
  adsnote = {Provided by the SAO/NASA Astrophysics Data System}
}





@ARTICLE{Thanjavur2010,
   author = {{Thanjavur}, K. and {Crampton}, D. and {Willis}, J.},
    title = "{Dark matter distribution in galaxy groups from combined strong lensing and dynamics analysis}",
  journal = {ArXiv e-prints},
archivePrefix = "arXiv",
   eprint = {1004.0699},
 keywords = {Astrophysics - Cosmology and Extragalactic Astrophysics},
     year = 2010,
    month = apr,
   adsurl = {http://adsabs.harvard.edu/abs/2010arXiv1004.0699T},
  adsnote = {Provided by the SAO/NASA Astrophysics Data System}
}



@ARTICLE{Torri2004,
   author = {{Torri}, E. and {Meneghetti}, M. and {Bartelmann}, M. and {Moscardini}, L. and 
	{Rasia}, E. and {Tormen}, G.},
    title = "{The impact of cluster mergers on arc statistics}",
  journal = {\mnras},
   eprint = {arXiv:astro-ph/0310898},
 keywords = {gravitational lensing, galaxies: clusters: general, cosmology: theory, dark matter},
     year = 2004,
    month = apr,
   volume = 349,
    pages = {476-490},
      doi = {10.1111/j.1365-2966.2004.07508.x},
   adsurl = {http://adsabs.harvard.edu/abs/2004MNRAS.349..476T},
  adsnote = {Provided by the SAO/NASA Astrophysics Data System}
}




@ARTICLE{Tu09,
  author = {{Tu}, H. and {Gavazzi}, R. and {Limousin}, M. and {Cabanac}, R. and 
	{Marshall}, P.~J. and {Fort}, B. and {Treu}, T. and {P{\'e}llo}, R. and 
	{Jullo}, E. and {Kneib}, {J.-P.} and {Sygnet}, {J.-F.}},
  title = "{The mass profile of early-type galaxies in overdense environments: the case of the double source-plane gravitational lens SL2SJ02176-0513}",
  journal = {\aap},
archivePrefix = "arXiv",
  eprint = {0902.4804},
 keywords = {gravitational lensing, Galaxy: general, dark matter},
  year = 2009,
  month = jul,
  volume = 501,
  pages = {475-484},
  doi = {10.1051/0004-6361/200911963},
  adsurl = {http://adsabs.harvard.edu/abs/2009A%26A...501..475T},
  adsnote = {Provided by the SAO/NASA Astrophysics Data System}
}





@ARTICLE{Verdugo2011,
   author = {{Verdugo}, T. and {Motta}, V. and {Mu{\~n}oz}, R.~P. and {Limousin}, M. and 
	{Cabanac}, R. and {Richard}, J.},
    title = "{Gravitational lensing and dynamics in SL2S J02140-0535: probing the mass out to large radius}",
  journal = {\aap},
archivePrefix = "arXiv",
   eprint = {1005.1566},
 primaryClass = "astro-ph.CO",
 keywords = {gravitational lensing: strong, galaxies: groups: general, galaxies: groups: individual:SL2S J02140-0535},
     year = 2011,
    month = mar,
   volume = 527,
      eid = {A124},
    pages = {A124},
      doi = {10.1051/0004-6361/201014965},
   adsurl = {http://adsabs.harvard.edu/abs/2011A%26A...527A.124V},
  adsnote = {Provided by the SAO/NASA Astrophysics Data System}
}


@ARTICLE{Willis2005,
   author = {{Willis}, J.~P. and {Pacaud}, F. and {Valtchanov}, I. and {Pierre}, M. and 
	{Ponman}, T. and {Read}, A. and {Andreon}, S. and {Altieri}, B. and 
	{Quintana}, H. and {Dos Santos}, S. and {Birkinshaw}, M. and 
	{Bremer}, M. and {Duc}, P.-A. and {Galaz}, G. and {Gosset}, E. and 
	{Jones}, L. and {Surdej}, J.},
    title = "{The XMM Large-Scale Structure survey: an initial sample of galaxy groups and clusters to a redshift z {\lt} 0.6$^{*}$}",
  journal = {\mnras},
 keywords = {surveys, large-scale structure of Universe, X-rays: galaxies: clusters},
     year = 2005,
    month = oct,
   volume = 363,
    pages = {675-691},
      doi = {10.1111/j.1365-2966.2005.09473.x},
   adsurl = {http://adsabs.harvard.edu/abs/2005MNRAS.363..675W},
  adsnote = {Provided by the SAO/NASA Astrophysics Data System}
}


@ARTICLE{Wilman2005b,
   author = {{Wilman}, D.~J. and {Balogh}, M.~L. and {Bower}, R.~G. and {Mulchaey}, J.~S. and 
	{Oemler}, A. and {Carlberg}, R.~G. and {Morris}, S.~L. and {Whitaker}, R.~J.
	},
    title = "{Galaxy groups at 0.3 {\lt}=z{\lt}= 0.55 - I. Group properties}",
  journal = {\mnras},
   eprint = {arXiv:astro-ph/0501182},
 keywords = {catalogues, galaxies: evolution, galaxies: fundamental parameters, galaxies: stellar content},
     year = 2005,
    month = mar,
   volume = 358,
    pages = {71-87},
      doi = {10.1111/j.1365-2966.2005.08744.x},
   adsurl = {http://adsabs.harvard.edu/abs/2005MNRAS.358...71W},
  adsnote = {Provided by the SAO/NASA Astrophysics Data System}
}

@ARTICLE{Wilman2005a,
   author = {{Wilman}, D.~J. and {Balogh}, M.~L. and {Bower}, R.~G. and {Mulchaey}, J.~S. and 
	{Oemler}, A. and {Carlberg}, R.~G. and {Eke}, V.~R. and {Lewis}, I. and 
	{Morris}, S.~L. and {Whitaker}, R.~J.},
    title = "{Galaxy groups at 0.3 {\lt}=z{\lt}= 0.55 - II. Evolution to z\~{} 0}",
  journal = {\mnras},
   eprint = {arXiv:astro-ph/0501183},
 keywords = {galaxies: evolution, galaxies: stellar content},
     year = 2005,
    month = mar,
   volume = 358,
    pages = {88-100},
      doi = {10.1111/j.1365-2966.2005.08745.x},
   adsurl = {http://adsabs.harvard.edu/abs/2005MNRAS.358...88W},
  adsnote = {Provided by the SAO/NASA Astrophysics Data System}
}




@ARTICLE{Wright2000,
   author = {{Wright}, C.~O. and {Brainerd}, T.~G.},
    title = "{Gravitational Lensing by NFW Halos}",
  journal = {\apj},
 keywords = {COSMOLOGY: THEORY, COSMOLOGY: DARK MATTER, GALAXIES: CLUSTERS: GENERAL, COSMOLOGY: GRAVITATIONAL LENSING},
     year = 2000,
    month = may,
   volume = 534,
    pages = {34-40},
      doi = {10.1086/308744},
   adsurl = {http://adsabs.harvard.edu/abs/2000ApJ...534...34W},
  adsnote = {Provided by the SAO/NASA Astrophysics Data System}
}


@ARTICLE{Yang2008,
   author = {{Yang}, X. and {Mo}, H.~J. and {van den Bosch}, F.~C.},
    title = "{Galaxy Groups in the SDSS DR4. II. Halo Occupation Statistics}",
  journal = {\apj},
archivePrefix = "arXiv",
   eprint = {0710.5096},
 keywords = {Cosmology: Dark Matter, Galaxies: Halos, Cosmology: Large-Scale Structure of Universe, Methods: Statistical},
     year = 2008,
    month = mar,
   volume = 676,
    pages = {248-261},
      doi = {10.1086/528954},
   adsurl = {http://adsabs.harvard.edu/abs/2008ApJ...676..248Y},
  adsnote = {Provided by the SAO/NASA Astrophysics Data System}
}



@ARTICLE{Zitrin2012,
   author = {{Zitrin}, A. and {Broadhurst}, T. and {Bartelmann}, M. and {Rephaeli}, Y. and 
	{Oguri}, M. and {Ben{\'{\i}}tez}, N. and {Hao}, J. and {Umetsu}, K.
	},
    title = "{The universal Einstein radius distribution from 10 000 SDSS clusters}",
  journal = {\mnras},
archivePrefix = "arXiv",
   eprint = {1105.2295},
 primaryClass = "astro-ph.CO",
 keywords = {gravitational lensing: strong, galaxies: clusters: general, galaxies: luminosity function, mass function, cosmology: observations, cosmology: theory, dark matter},
     year = 2012,
    month = jul,
   volume = 423,
    pages = {2308-2324},
      doi = {10.1111/j.1365-2966.2012.21041.x},
   adsurl = {http://adsabs.harvard.edu/abs/2012MNRAS.423.2308Z},
  adsnote = {Provided by the SAO/NASA Astrophysics Data System}
}




@ARTICLE{Meneghetti2007,
   author = {{Meneghetti}, M. and {Argazzi}, R. and {Pace}, F. and {Moscardini}, L. and 
	{Dolag}, K. and {Bartelmann}, M. and {Li}, G. and {Oguri}, M.
	},
    title = "{Arc sensitivity to cluster ellipticity, asymmetries, and substructures}",
  journal = {\aap},
   eprint = {arXiv:astro-ph/0606006},
 keywords = {gravitational lensing, galaxies: clusters: general, dark matter},
     year = 2007,
    month = jan,
   volume = 461,
    pages = {25-38},
      doi = {10.1051/0004-6361:20065722},
   adsurl = {http://adsabs.harvard.edu/abs/2007A%26A...461...25M},
  adsnote = {Provided by the SAO/NASA Astrophysics Data System}
}



%%%%%
@ARTICLE{Meneghetti13,
   author = {{Meneghetti}, M. and {Rasia}, E.},
    title = "{Reconciling extremely different concentration-mass relations}",
  journal = {ArXiv e-prints},
archivePrefix = "arXiv",
   eprint = {1303.6158},
 primaryClass = "astro-ph.CO",
 keywords = {Astrophysics - Cosmology and Extragalactic Astrophysics},
     year = 2013,
    month = mar,
   adsurl = {http://adsabs.harvard.edu/abs/2013arXiv1303.6158M},
  adsnote = {Provided by the SAO/NASA Astrophysics Data System}
}

@ARTICLE{Prada12,
   author = {{Prada}, F. and {Klypin}, A.~A. and {Cuesta}, A.~J. and {Betancort-Rijo}, J.~E. and 
	{Primack}, J.},
    title = "{Halo concentrations in the standard {$\Lambda$} cold dark matter cosmology}",
  journal = {\mnras},
archivePrefix = "arXiv",
   eprint = {1104.5130},
 primaryClass = "astro-ph.CO",
 keywords = {galaxies: haloes, cosmology: theory, dark matter},
     year = 2012,
    month = jul,
   volume = 423,
    pages = {3018-3030},
      doi = {10.1111/j.1365-2966.2012.21007.x},
   adsurl = {http://adsabs.harvard.edu/abs/2012MNRAS.423.3018P},
  adsnote = {Provided by the SAO/NASA Astrophysics Data System}
}

@ARTICLE{Klypin09,
   author = {{Klypin}, A. and {Valenzuela}, O. and {Col{\'{\i}}n}, P. and 
	{Quinn}, T.},
    title = "{Dynamics of barred galaxies: effects of disc height}",
  journal = {\mnras},
archivePrefix = "arXiv",
   eprint = {0808.3422},
 keywords = {methods: N-body simulations , galaxies: evolution , galaxies: haloes , galaxies: kinematics and dynamics},
     year = 2009,
    month = sep,
   volume = 398,
    pages = {1027-1040},
      doi = {10.1111/j.1365-2966.2009.15187.x},
   adsurl = {http://adsabs.harvard.edu/abs/2009MNRAS.398.1027K},
  adsnote = {Provided by the SAO/NASA Astrophysics Data System}
}


@ARTICLE{Riebe11,
   author = {{Riebe}, K. and {Partl}, A.~M. and {Enke}, H. and {Forero-Romero}, J. and 
	{Gottloeber}, S. and {Klypin}, A. and {Lemson}, G. and {Prada}, F. and 
	{Primack}, J.~R. and {Steinmetz}, M. and {Turchaninov}, V.},
    title = "{The MultiDark Database: Release of the Bolshoi and MultiDark Cosmological Simulations}",
  journal = {ArXiv e-prints},
archivePrefix = "arXiv",
   eprint = {1109.0003},
 primaryClass = "astro-ph.CO",
 keywords = {Astrophysics - Cosmology and Extragalactic Astrophysics, Astrophysics - Instrumentation and Methods for Astrophysics, Computer Science - Databases},
     year = 2011,
    month = aug,
   adsurl = {http://adsabs.harvard.edu/abs/2011arXiv1109.0003R},
  adsnote = {Provided by the SAO/NASA Astrophysics Data System}
}

@ARTICLE{KlypinBDM,
   author = {{Klypin}, A. and {Gottl{\"o}ber}, S. and {Kravtsov}, A.~V. and
{Khokhlov}, A.~M.},
    title = "{Galaxies in N-Body Simulations: Overcoming the Overmerging Problem}",
  journal = {\apj},
   eprint = {arXiv:astro-ph/9708191},
 keywords = {COSMOLOGY: THEORY, GALAXIES: FORMATION, GALAXIES: HALOS, COSMOLOGY: LARGE-SCALE STRUCTURE OF UNIVERSE, METHODS: NUMERICAL},
     year = 1999,
    month = may,
   volume = 516,
    pages = {530-551},
      doi = {10.1086/307122},
   adsurl = {http://adsabs.harvard.edu/abs/1999ApJ...516..530K},
  adsnote = {Provided by the SAO/NASA Astrophysics Data System}
}

@ARTICLE{Bolshoi,
   author = {{Klypin}, A.~A. and {Trujillo-Gomez}, S. and {Primack}, J.},
    title = "{Dark Matter Halos in the Standard Cosmological Model: Results from the Bolshoi Simulation}",
  journal = {\apj},
archivePrefix = "arXiv",
   eprint = {1002.3660},
 primaryClass = "astro-ph.CO",
 keywords = {cosmology: theory, large-scale structure of universe, methods: numerical},
     year = 2011,
    month = oct,
   volume = 740,
      eid = {102},
    pages = {102},
      doi = {10.1088/0004-637X/740/2/102},
   adsurl = {http://adsabs.harvard.edu/abs/2011ApJ...740..102K},
  adsnote = {Provided by the SAO/NASA Astrophysics Data System}
}